@inproceedings{becker:fmcad:2016,
author = "Heiko Becker and others",
title="A Verified Certificate Checker for Finite-Precision Error Bounds in {Coq} and {HOL4}",
booktitle = "Formal Methods in Computer-Aided Design (FMCAD)",
year = 2016
}"
                  
@inproceedings{meert:starai:2016,
author="Wannes Meert and Jonas Vlasselaer and Guy Van den Broeck",
title="A Relaxed {T}seitin Transformation for Weighted Model Counting",
booktitle = "Workshop on Statistical Relational AI (StarAI)",
year=2016
}

@misc{hecher:mc:2024,
author="Markus Hecher and Johannes Fichte and Arijit Shaw",
title = "The Results of the Model Counting Competition 2024",
year=2024,                  
url = {https://mccompetition.org/assets/files/2024/MC2024_awards.pdf}
}

@book{muller:hfpa:2018,
author="Jean-Michel Muller and others",
title="Handbook of Floating-Point Arithmetic, Second Edition",
publisher = "{Birkh\"{a}user}",
year="2018"
}
                  
@article{higham:siam:1993,
author="Nicholas J. Higham",
title="The Accuracy of Floating-Point Summation",
journal = "SIAM Journal on Scientific Computing",
volume= 14,
number=4,
year= 1993,
}

                  
@book{wilkinson:rounding:1963,                  
author = "James. H. Wilkinson",
title="Rounding Errors in Algebraic Processes",
year=1963,
}
                  
@article{wilkinson:nm:1960,
author = "James. H. Wilkinson",
title = "Error Analysis of Floating-Point Computation",
journal="Numerische Mathematik",
volume = 2,
year= 1960,
pages="319--340"
}

@inproceedings{shaw:kr:2024,
author = "Arjit Shaw and Kuldeep S. Meel",
title = "Model Counting in the Wild",
booktitle = "Principles of Knowledge Representation and Reasoning",
year=2024
}

@inproceedings{dilkas:cpaior:2023,
author = "Paulius Dilkas",
title = "Generating Random Instances of Weighted Model Counting: An Empirical Analysis with Varying Primal Treewidth",
booktitle="Integration of Constraint Programming, Artificial Intelligence, and Operations Research (CPAIOR)",
published = "Springer",
series = "LNCS",
volume = "13884",
year=2023
}

@book{xing:wiley:2015,
author="Liudong Xing and Suprasad V. Amari",
title="Binary Decision Diagrams and Extensions for System Reliability Analysis",
publisher="Wiley",
year=2015
}

@book{overton:siam:2001,
author = "Michael L. Overton",
title = "Numerical Computing with {IEEE} Floating Point Arithmetic",
publisher = "{SIAM}",
year = 2001}

@article{hickey:jacm:2001,
author="Timothy J. Hickey and Qun Ju and Maarten H. van~Emden",
title="Interval Arithmetic: From Principles to Implementation",
journal="J.ACM",
volume=48,
number=5,
year=2001,
pages="1038--1068"
}

@article{fousse:tms:2007,
author="Laurent Fousse and Guillaume Hanrot and Vincent {Lef\`{e}vre} and Patrick {P\'{e}lissier} and Paul Zimmerman",
title="{MPFR}: A Multiple-Precision Binary Floating-Point Library with Correct Rounding",
journal="ACM Transactions on Mathematical Software",
volume=33,
number=2,
year=2007
}

@inproceedings{shih:neurips:2019,
author="Andy Shih and Guy Van den Broeck and Paul Beame and Antoine Amarilli",
title="Smoothing Structured Decomposable Circuits",
booktitle="Neural Information Processing Systems (NeurIPS)",
year="2019"
}
                  




@inproceedings{derkinderen:ictai:2024,
author="Vincent Derkinderen",
title="Pruning {B}oolean d-{DNNF} Circuits Through {T}seitin Awareness",
booktitle="International Conference on Tools with Artificial Intelligence (ICTAI)",
publisher="IEEE",
pages="663--670",                  
year="2024",
}

                  
@article{fichte:jea:2020,
author="Johannes K. Fichte and Markus Hecher and Florim Hamiti",
title="The Model Counting Competition 2020",
journal="Journal of Experimental Algorithmics",
publisher="ACM",
volume=26,
number=1,
year=2021
}

@inproceedings{beame:uai:2013,
author = "Paul Beame and Jerry Li and Sudeepa Roy and Dan Suciu",
title = "Lower Bounds for Exact Model Counting and Applications in Probabilistic Databases",
booktitle="Uncertainty in Artificial Intelligence",
year = 2013
}

@ARTICLE{revol:rc:2005,
	AUTHOR = {Nathali Revol and Fabrice Rouillier},
	TITLE = "Motivations for an Arbitrary Precision Interval Arithmetic and the {MPFI} Library",
	JOURNAL = {Reliable Computing},
	VOLUME = {11},
	NUMBER = {4},
	PAGES = {275--290},
	YEAR = 2005
}                  

@book{granlund:gmp:2015,
author = "Torbjrn Granlund",
title="GNU MP 6.0 Multiple Precision Arithmetic Library",
publisher="Samurai Media, Ltd",
year="2015"
}

                  
@inbook{knuth:bdd:2011,
author = "Donald E. Knuth",
chapter="7.1.4~Binary Decision Diagrams",
title="The Art of Computer Programming, Volume 4A: Combinatorial Algorithms, Part I",
publisher="Pearson",
year="2011"
}

@inbook{knuth:fp:1981,
author = "Donald E. Knuth",
chapter="4.2~Floating-Point Arithmetic",
title="The Art of Computer Programming, Volume 2: Seminumerical Algorithms, Second Edition",
publisher="Addison-Wesley",
year="1981"
}

@inbook{knuth:rational:1981,
author = "Donald E. Knuth",
chapter="4.5~Rational Arithmetic",
title="The Art of Computer Programming, Volume 2: Seminumerical Algorithms, Second Edition",
publisher="Addison-Wesley",
year="1981"
}


@article{domshlak:jair:2007,
author = "Carmel Domshlak and {J\"{o}rg} Hoffman",
title="Probabilistic Planning via Heuristic Forward Search and Weighted Model Counting",
journal="Journal of Artificial Intelligence Research",
volume = 30,
year = "2007",
pages="565--620"
}

@inproceedings{sang:aaai:2005,
author = "Tian Sang and Paul Beame and Henry Kautz",
title = "Performing {B}ayesian Inference by Weighted Model Counting",
booktitle = "AAAI Conference on Artificial Intelligence",
year = "2005",
pages="475--482"
}


@inproceedings{mohle:tai:2018,
author="Sybylle {M\"{o}hle} and Armin Biere",
title="Dualizing Projected Model Counting",
booktitle="IEEE Conference on Tools with Artificial Intelligence",
year="2018",
pages="702--709"                  
}

@article{fichte:ai:2023,
author="Johannes K. Fichte and Markus Hecher and Michael Morak and Patrick Thier and Stefan Woltran",
title="Solving Projected Model Counting by Utilizing Treewidth and its Limits",
journal="Artificial Intelligence",
volume=314,
year=2023
}

@InProceedings{pan:cp:2004,
author="Pan, Guoqiang and Vardi, Moshe Y.",
title="Symbolic Decision Procedures for {QBF}",
booktitle="Principles and Practice of Constraint Programming (CP)",
year="2004",
series="LNCS",
volume="3258",
pages="453--467",
}                  
                  
@InProceedings{olivo:cp:2011,
author="Oswaldo Olivo and E. Allen Emerson",
title="A More Efficient {BDD}-Based {QBF} Solver",
booktitle="Principles and Practice of Constraint Programming (CP)",
year="2011",
series="LNCS",
volume="6876",
pages="675--690",
}                  

@article{eiter:ki:2019,
title="A Brief Survey of Forgetting from a Knowledge Representation and Reasoning Perspective",                  
author = "Thomas Eiter and Gabriele Kern-Isberner",
journal = "{K\"{u}nstliche} Intelligenz",
volume="33",
pages="9--33",
year="2019"
}


@inproceedings{lin:aaai:1994,
author = "Fangzhen Lin and Ray Reiter",
title = "Forget It!",
booktitle={AAAI Fall Symposium on Relevance},
pages="154--159",
year="1994"
}
                  
@inproceedings{niemetz:sat:2012,
author="Aina Niemetz and Mathias Preiner and Florian Lonsing and Martina Seidl and Armin Biere",
title="Resolution-Based Certificate Extraction for {QBF}",
booktitle="Theory and Applications of Satisfiability Testing (SAT)",
year="2012",
series="LNCS",
volume="7317",
pages="430--435"
}
                  
@article{narizzano:aic:2009,
author="Narizzano, Massimo and Peschiera, Claudia and Pulina, Luca and Tacchella, Armando",
title="Evaluating and Certifying {QBF}s: A Comparison of State-of-the-Art Tools",
journal="AI Communications",
volume="22",
number="4",
pages = "191--210",
year=2009
}
                  

@article{giunchiglia:jair:2006,
author="Enrico Giunchiglia and Massimo Narizzano and Armando Tacchella",
title="Clause/Term Resolution and Learning in the Evaluation of Quantified {B}oolean Formulas",
journal="Journal of AI Research",
volume="26",
year="2006",
pages="371--416"
}
                  

@inproceedings{heule:jar:2014,
  author={Heule, Marijn J. H. and Seidl, Martina and Biere, Armin},
  title={A Unified Proof System for {QBF} Preprocessing},
  booktitle={International Joint Conference on Automated Reasoning (IJCAR)},
  year={2014},
  series={LNCS},
  volume={8562},
  pages={91--106},
  isbn={978-3-319-08587-6},
}

@article{heule:jar:2017,
  author={Heule, Marijn J. H. and Seidl, Martina and Biere, Armin},
  title={Solution Validation and Extraction for {QBF}},
  journal="Journal of Automated Reasoning",
  year={2017},
  pages={97--125},
  volume="58",
}
                  

@article{balabanov:fmsd:2012,
author = "Valeriy Balabanov and Jie-Hong Roland Jiang",
title = "Unified {QBF} Certification and its Applications",
journal = "Formal Methods in Systems Design",
volume=41,
pages = "45-65",
year="2012"
}

@inproceedings{benedetti:lpar:2005,
author = "Marco Benedetti",
title = "Evaluating {QBF}s via Symbolic {Skolemization}",
booktitle="Logic for Programming Artificial Intelligence and Reasoning (LPAR)",
pages="285--300",
year="2005",
series="LNCS",
volume="3452",
}

@inproceedings{balabanov:sat:2016,
author = "Valeriy Balabanov and Jie-Hong Roland Jiang and Christoph Scholl and Alan Mishchenko and Robert K. Brayton",
title = "{2QBF}: Challenges and Solutions",
booktitle={Theory and Applications of Satisfiability Testing (SAT)},
year="2016",
series = "LNCS",
volume = "9710",
pages="453--469",
}

@inproceedings{rabe:sat:2016,
author = "Markus N. Rabe and Sanjit A. Seshia",
title = "Incremental Determinization",
booktitle={Theory and Applications of Satisfiability Testing (SAT)},
year="2016",
series = "LNCS",
volume = "9710",
pages="375--392"
}
                  

@inproceedings{clarke:lics:1989,
        TITLE = "Compositional Model Checking",
        AUTHOR = {Edmund M. Clarke and David E. Long and Kenneth L. McMillan},
        BOOKTITLE = {Symposium on Logic in Computer Science (LICS)},
        publisher="IEEE",                  
        YEAR = 1989,
	pages="353--362",
}
                  

@article{jarvisalo:jar:2012,
  author    = {J{\"{a}}rvisalo, Matti and
               Biere, Armin and
               Heule, Marijn J. H.},
  title     = {Simulating Circuit-Level Simplifications on {CNF}},
  journal   = {Journal of Automated Reasoning},
  volume    = {49},
  number    = {4},
  pages     = {583--619},
  year      = {2012},
}
                  

@inproceedings{jarvisalo:tacas:2010,
  author    = {Matti J{\"{a}}rvisalo and
               Armin Biere and
               Marijn Heule},
  title     = {Blocked Clause Elimination},
  booktitle = {Tools and Algorithms for the Construction and 
		Analysis of Systems (TACAS)},
  editorx={Esparza, Javier and Majumdar, Rupak},
  pages     = {129--144},
  year      = {2010},
  series    = {LNCS},
  volume    = {6015},
  publisherx = {Springer},
  addressx = {Heidelberg}
}
                  

@article{fleury:fmsd:2022,
	author = {Fleury, Mathias and Biere, Armin},
	journal = {Formal Methods in System Design},
	number = {3},
	pages = {381--404},
	title = {Mining definitions in {Kissat} with {Kittens}},
	volume = {60},
	year = {2022}}

@article{lagniez:ai:2020,
	author = {Jean-Marie Lagniez and Emmanuel Lonca and Pierre Marquis},
	journal = {Artificial Intelligence},
	pages = {103229},
	title = {Definability for model counting},
	volume = {281},
        month = "April",                  
	year = {2020}
}
                  

@inproceedings{moskewicz:dac:2001,
  author    = {Matthew W. Moskewicz and
               Conor F. Madigan and
               Ying Zhao and
               Lintao Zhang and
               Sharad Malik},
  title     = {Chaff: Engineering an Efficient {SAT} Solver},
  pages     = {530--535},
  year      = {2001},
  booktitle     = {Design Automation Conference (DAC)},
  publisher = {{ACM/IEEE}},
}
                  

@inproceedings{laitinen:tai:2012,
  author="Laitinen, Tero and Junttila, Tommi and Niemel{\"a}, Ilkka",
  booktitle="International Conference on Tools with Artificial Intelligence", 
  title="Extending Clause Learning {SAT} Solvers with Complete Parity Reasoning", 
  publisher="IEEE",                  
  year={2012},
  pages={65--72},
}
                  

@inproceedings{soos:sat:2009,
author="Soos, Mate and Nohl, Karsten and Castelluccia, Claude",
editorx="Kullmann, Oliver",
title="Extending {SAT} Solvers to Cryptographic Problems",
booktitle={Theory and Applications of Satisfiability Testing (SAT)},
year="2009",
xpublisher="Springer",
series = "LNCS",
volume = "5584",
addressx="Heidelberg",
pages="244--257",
}
                  

@inproceedings{iser:sat:2015,
  author    = {Markus Iser and
               Norbert Manthey and
               Carsten Sinz},
  title     = {Recognition of Nested Gates in {CNF} Formulas},
  booktitle={Theory and Applications of Satisfiability Testing (SAT)},
  editorx={Heule, Marijn and Weaver, Sean},
  pages     = {255--271},
  year      = {2015},
  series    = {LNCS},
  volume    = {9340},
  publisherx = {Springer},
  addressx={Cham},
}
                  

@inproceedings{een:sat:2005,
  author={E{\'e}n, Niklas
and Biere, Armin},
  title={Effective Preprocessing in {SAT} Through Variable and Clause Elimination},
  booktitle={Theory and Applications of Satisfiability Testing (SAT)},
  year={2005},
  series={LNCS},
  volume={3569},
  xpublisher={Springer},
  pages={61--75},
}

@inproceedings{bryant:sat:2023,
author = "Randal E. Bryant and Wojciech Nawrocki and Jeremy Avigad and Marijn J. H. Heule",
title = "Certified Knowledge Compilation with Application to Verified Model Counting",
booktitle={Theory and Applications of Satisfiability Testing (SAT)},
year=2023,
month = "July",
publisher={Schloss Dagstuhl},
xdoi = {10.4230/LIPIcs.SAT.2023.6},
xurl = {https://doi.org/10.4230/LIPIcs.SAT.2023.6},
}
                  

@article{darwiche:jancl:2001,
  author       = {Adnan Darwiche},
  title        = {On the Tractable Counting of Theory Models and its Application to
                  Truth Maintenance and Belief Revision},
  journal      = {Journal of Applications of Non Classical Logics},
  volume       = {11},
  number       = {1-2},
  pages        = {11--34},
  year         = {2001}
}
                  
                  
@article{burch:tcad:1994,
  author = "Jerry R. Burch and Edmund M. Clarke and David E. Long and Kenneth L. McMillan and David L. Dill",
  title = "Symbolic Model Checking for Sequential Circuit Verification",
  journal = "IEEE Transactions on Computer-Aided Design of Integrated Circuits and Systems",
  volume=13,
  number = 4,
  year = 1994,
  pages = "401--424",
}

@inproceedings{eisner:acl:2002,
  author = "Jason Eisner",
  title = "Parameter Estimation for Probabilistic Finite-State Transducers",
  booktitle = "Association for Computational Linguistics (ACL)",
  year="2002",
  pages="1--8"
}

@inproceedings{dudek:sat:2021,
  author = "Jeffrey M. Dudek and Vu H. N. Phan and Moshe Y. Vardi",
  title="{ProCount}: Weighted Projected Model Counting with Graded Project-Join Trees",
  booktitle={Theory and Applications of Satisfiability Testing (SAT)},
  year={2021},
  pages={152--170},
  series={LNCS},
  volume={12831},
}  
                  

@inproceedings{aziz:sat:2015,
  author = "Rehan Abdul Aziz and Geoffrey Chu and Christian Muise and Peter Stuckey",
  title="\#$\exists${SAT}: Projected Model Counting",
  booktitle={Theory and Applications of Satisfiability Testing (SAT)},
  year={2015},
  pages={121--137},
  series={LNCS},
  volume={9340},
}  

@inproceedings{muise:cai:2012,
  author = "Christian Muise and Sheila A. McIlraith and J. Christopher Beck and Eric Hsu",
  title = "{DSHARP}: Fast {d-DNNF} Compilation with sharp{SAT}",
  booktitle = "Canadian Conference on Artificial Intelligence",
  series = "LNCS",
  volume="7310",
  year="2012",
  pages="356--361",
}

@article{chavira:ai:2008,
  author = "Mark Chavira and Adnan Darwiche",
  title = "On Probabilistic Inference by Weighted Model Counting",
  journal = "Artificial Intelligence",
  volume = 172,
  year = 2008,
  pages = "772--799"
}
                  

@incollection{gomes:hs:2009,
  author    = {Carla P. Gomes and Ashish Sabharwal and Bart Selman},
  title     = {Model Counting},
  booktitle = {Handbook of Satisfiability},
  pages     = {633--654},
  year      = {2009},
  seriesx    = {Frontiers in Artificial Intelligence and Applications},
  volumex    = {185},
  publisher = {{IOS} Press},
  crossrefx  = {DBLP:series/faia/2009-185},
}


@incollection{prestwich:hs:2009,
  author    = {Steven Prestwich},
  title     = {{CNF} Encodings},
  booktitle = {Handbook of Satisfiability},
  pages     = {75--97},
  year      = {2009},
  seriesx    = {Frontiers in Artificial Intelligence and Applications},
  volumex    = {185},
  publisher = {{IOS} Press},
  crossrefx  = {DBLP:series/faia/2009-185},
}
                  

@article{burch-ic-1992,
  author = "Jerry R. Burch and Edmund M. Clarke and Kenneth L. McMillan and David L. Dill and L. J. Hwang",
  title = "Symbolic Model Checking: $10^{20}$ States and Beyond",
  journal = "Information and Computation",
  volume = 98,
  number = 2,
  year = 1992,
  pages = "142--170"
}


@inproceedings{lagniez:aaai:2019,
author = "Jean-Marie Lagniez and Pierre Marquis",
title = "A Recursive Algorithm for Projected Model Counting",
booktitle="AAAI Conference on Artificial Intelligence",
year="2019",
pages="1536--1543"
}
                  

@article{plaisted:jsc:1986,
author = "David A. Plaisted and Steven Greenbaum",
title = "A Structure-Preserving Clause Form Translation",
journal = "Journal of Symbolic Computation",
year = "1986",
volume = 2,
number = 3,
pages = "293--304",
xdoi = {10.1016/S0747-7171(86)80028-1}
}


@inproceedings{sinz:cp:2005,
  author    = {Carsten Sinz},
  title     = {Towards an Optimal {CNF} Encoding of {B}oolean Cardinality Constraints},
  booktitle = {Principles and Practice of Constraint Programming (CP)},
  pages     = {827--831},
  year      = {2005},
  series    = {LNCS},
  volume    = {3709},
}


@misc{bryant:sat:2023:supplement,
author = "Randal E. Bryant and Wojciech Nawrocki and Jeremy Avigad and Marijn J. H. Heule",
title = "Supplement to Certified Knowledge Compilation with Application to Verified Model Counting",
year=2023,
month = "May",
publisher={Zenodo},
doi = {10.5281/zenodo.7966174},
url = {https://doi.org/10.5281/zenodo.7966174},
}

@inproceedings{lagniez:aaai:2014,
author="Jean-Marie Lagniez and Pierre Marquis",
title="Preprocessing for Propositional Model Counting",
booktitle="AAAI Conference on Artificial Intelligence",
year=2021,
xvolume=28,
xnumber=1
}
                  

@inproceedings{heule:cade:2013,
  author    = {Heule, Marijn J. H. and
               {Hunt, Jr.}, Warren A. and
               Wetzler, Nathan D.},
  title     = {Verifying Refutations with Extended Resolution},
  booktitle = {Conference on Automated Deduction (CADE)},
  addressx= {Heidelberg},
  pages     = {345--359},
  year      = {2013},
  series    = {LNCS},
  volume    = {7898},
}

                  
@inproceedings{jarvisalo:ijcar:2012,
  author    = {J{\"{a}}rvisalo, Matti and
               Heule, Marijn J. H. and
               Biere, Armin},
  title     = {Inprocessing Rules},
  booktitle = "International Joint Conference on Automated Reasoning (IJCAR)",
  pages     = {355--370},
  year      = {2012},
  series    = {LNCS},
  volume    = {7364},
  publisherx = {Springer},
  addressx = {Heidelberg}
}


@inproceedings{capelli:sat:2019,
author="Florent Capelli",
title="Knowledge Compilation Languages as Proof Systems",
booktitle={Theory and Applications of Satisfiability Testing (SAT)},
year={2019},
pages={90--91},
series={LNCS},
volume={11628},
}
                  

@inproceedings{capelli:aaai:2021,
author="Florent Capelli and Jean-Marie Lagniez and Pierre Marquis",
title="Certifying Top-Down Decision-{DNNF} Compilers",
booktitle="AAAI Conference on Artificial Intelligence",
year=2021,
xvolume=35,
xnumber=7
}

@inproceedings{monet:amw:2018,
author = "{Mika\"el} Monet and Dan Olteanu",
title = "Towards Deterministic Decomposable Circuits for Safe Queries",
booktitle="{A}lberto {M}endelzon International Workshop on Foundations of Data Management (AMW)",
year=2018
}

@inproceedings{oztok:cp:2014,
author = "Umut Oztok and Adnan Darwiche",
title="On Compiling {CNF} into Decision-{DNNF}",
booktitle="Constraint Programming (CP)",
series="LNCS",
volume="8656",
year="2014",
pages="42--57"
}

@inproceedings{demoura:cade:2021,
author="Leonardo {de Moura} and Sebastian Ulrich",
title="The {L}ean 4 Theorem Prover and Programming Language",
booktitle = "Conference on Automated Deduction (CADE)",
year=2021,
series="LNAI",
volume="12699",
pages="625--635",
}

@inproceedings{Tan:2021,
title="cake\_lpr: Verified Propagation Redundancy Checking in {CakeML}",
author="Yong Kiam Tan and Marijn J. H. Heule and Magnus O. Myreen",
year=2021,
pages="223--241",
booktitle = {Tools and Algorithms for the Construction and Analysis of Systems (TACAS), Part II},
series="LNCS",
volume="12652",
}


@inproceedings{ZhangMalik,
author = {Zhang, Lintao and Malik, Sharad},
title = {Validating {SAT} Solvers Using an Independent Resolution-Based Checker: Practical Implementations and Other Applications},
year = {2003},
booktitle = {Design, Automation and Test in Europe (DATE)},
pages = {880-885},
}

@article{valiant:siam:1979,
  author = "Leslie G. Valiant",
  title = "The Complexity of Enumeration and Reliability Problems",
  journal = "SIAM Journal of Computing",
  year="1979",
  volume = "8",
  number = "3",
  pages = "410--421"
}


@inproceedings{biere-cadical-2019,
  author    = {Armin Biere},
  title     = {{CaDiCaL} at the {SAT} {Race} 2019},
  pages     = {8-9},
  booktitle = {Proc.~of {SAT Race} 2019 -- Solver and Benchmark Descriptions},
  volume    = {B-2019-1},
  series    = {Department of Computer Science Series of Publications B},
  publisher = {University of Helsinki},
  year      = 2019,
}

@article{kimmig:jal:2017,
author = {Angelika Kimmig and Guy Van~den~Broeck and Luc De~Raedt},
title = {Algebraic Model Counting},
journal = {Journal of Applied Logic},
volume="22",
year="2017",
month = "July",
pages = "46--62"
}

@inproceedings{fichte:sat:2022,
  title="Proofs for propositional model counting",
  author={Fichte, Johannes K and Hecher, Markus and Roland, Valentin},
  booktitle={Theory and Applications of Satisfiability Testing (SAT)},
  year={2022},
  organization={Schloss Dagstuhl}
}

@inproceedings{beyersdorff:sat:2023,
author = "Olaf Beyersdorff and Tim Hoffman and Luc Nicolas Spachmann",
title = "Proof Complexity of Propositional Model Counting",
booktitle={Theory and Applications of Satisfiability Testing (SAT)},
year=2023,
month = "July",
publisher={Schloss Dagstuhl},

}


@inproceedings{Goldberg,
 author = {Goldberg, Evgueni I. and Novikov, Yakov},
 title = {Verification of Proofs of Unsatisfiability for {CNF} Formulas},
 booktitle = {Design, Automation and Test in Europe (DATE)},
 year = {2003},
 isbn = {0-7695-1870-2},
 xurl = {http://dl.acm.org/citation.cfm?id=789083.1022836},
 acmid = {1022836},
 xpublisher = {IEEE Computer Society},
 pages="886--891",
addressx = {Washington, DC, USA},
}

@inproceedings{heule:JAR2014,
  author={Heule, Marijn J. H. and Seidl, Martina and Biere, Armin},
  title={A Unified Proof System for {QBF} Preprocessing},
  booktitle={International Joint Conference on Automated Reasoning (IJCAR)},
  year={2014},
  series={LNCS},
  volume={8562},
  pages={91--106},
  isbn={978-3-319-08587-6},
}


@article{sundermann:eme:2023,
author = "Chico Sundermann and Tobias He\ss{} and Michael Nieke and Paul Maximilian Bittner and Jeffrey M. Young and Thomas {Th\"{u}m} and Ina Schaefer",
title = "Evaluating State-of-the-Art \#{SAT} Solvers on Industrial Configuration Spaces",
journal = "Empirical Software Engineering",
publisher = "Springer",
year = "2023",
month = "January",
volume = "28",
}


@inproceedings{bryant:cade:2021,
author="Randal E. Bryant and Marijn J. H. Heule",
title="Dual Proof Generation for Quantified {B}oolean Formulas with a {BDD}-Based Solver",
booktitle = "Conference on Automated Deduction (CADE)",
year=2021,
series="LNAI",
volume="12699",
pages="433--449",
}

@article{darwiche:jacm:2001,
   author= "Adnan Darwiche",
   title = "Decomposable Negation Normal Form",
   journal = "Journal of the ACM",
   volume=48,
   number=4,
   year=2001,
   pages="608--647",
}

@inproceedings{darwiche:aaai:2002,
   author= "Adnan Darwiche",
   title = "A Compiler for Deterministic, Decomposable Negation Normal Form",
   booktitle = "Association for the Advancement of Artificial Intelligence",
   year="2002",
}


@inproceedings{darwiche:ecai:2004,
   author= "Adnan Darwiche",
   title = "New Advances in Compiling {CNF} to Decomposable Negation Normal Form",
   booktitle = "European Conference on Artificial Intelligence",
   year="2004",
   pages="328--332",
}

@article{darwiche:jair:2002,
    author = "Adnan Darwiche and Pierre Marquis",
    title = "A Knowledge Compilation Map",
    journal = "Journal of Artificial Intelligence Research",
    year="2002",
    volume=17,
}

@article{huang:jair:2007,
   author = "Jinbo Huang and Adnan Darwiche",
   title = "The Language of Search",
   journal = "Journal of Artificial Intelligence Research",
   year="2007",
   volume=22,
   pages="191--219",                  
}

@article{blum:ipl:1980,
    author="Manuel Blum and Ashok K. Chandra and Mark N. Wegman",
    title="Equivalence of Free {B}oolean Graphs can be Decided Probabilistically in Polynomial Time",
    journal="Information Processing Letters",
    volume=10,
    number=2,
    year="18 March 1980",
    pages="80--82"
}

@inproceedings{lagniez:ijcai:2017,
author = "Jean-Marie Lagniez and Pierre Marquis",
title = "An Improved Decision-{DNNF} Compiler",
booktitle = "International Joint Conference on Artificial Intelligence (IJCAI)",
year="2017",
pages="667--673"
}

@inproceedings{lagniez:ijcai:1995,
author = "Jean-Marie Lagniez",
title = "Knowledge Compilation using Theory Prime Implicates",
booktitle = "International Joint Conference on Artificial Intelligence (IJCAI)",
year="1995",
pages="837--843",
}



@inproceedings{darwiche:ijcai:2011,
author = "Adnan Darwiche",
title = "{SDD}: A New Canonical Representation of Propositional Knowledge Bases",
booktitle = "International Joint Conference on Artificial Intelligence (IJCAI)",
year="2011",
pages="819--826"
}

@inproceedings{dudek:aaai:2020,
author = "Jeffrey M. Dudek and Vu H. N. Phan and Moshe Y. Vardi",
title="{ADDMC}: Weighted Model Counting with Algebraic Decision Diagrams",
booktitle="AAAI Conference on Artificial Intelligence",
year="2020",
pages="1468--1475",
}


@InProceedings{lrat,
author="Heule, Marijn J. H.
and Hunt, Warren A.
and Kaufmann, Matt
and Wetzler, Nathan D.",
title="Efficient, Verified Checking of Propositional Proofs",
booktitle="Interactive Theorem Proving",
series="LNCS",
volume="10499",
year="2017",
pages="269--284",
}


@InProceedings{cruz-cade-2017,
author="Cruz-Filipe, Lu{\'i}s
and Heule, Marijn J. H.
and Hunt, Warren A.
and Kaufmann, Matt
and Schneider-Kamp, Peter",
title="Efficient Certified {RAT} Verification",
booktitle="Conference on Automated Deduction (CADE)",
year="2017",
series="LNCS",
volume="10395",
pages="220--236",
}


@INPROCEEDINGS(brace-dac-1990,
    key="Bryant",
    Author="Karl S. Brace and Richard L. Rudell and Randal E. Bryant",
    Title="Efficient Implementation of a {BDD} Package",
    BookTitle="Design Automation Conference (DAC)",
    pages="40--45",
    year="1990",
    month="June")


@inproceedings(minato-dac-1990,
  key="Minato",
  author = "Shin-Ichi Minato and Nagisa Ishiura and Shuzo Yajima",
  title="Shared Binary Decision Diagrams with Attributed Edges for Efficient {Boolean} Function Manipulation",
  BookTitle="Design Automation Conference (DAC)",
  pages="52--57",
  year="1990",
  month="June")



@article{robinson-1965,
author = "John A. Robinson",
title = "A Machine-Oriented Logic Based on the Resolution Principle",
journal = "J.ACM",
volume = 12,
number = 1,
month = "January",
year = "1965",
pages = "23--41"
}

}

@article{Bryant:1986,
  author    = {Randal E. Bryant},
  title     = {Graph-Based Algorithms for {B}oolean Function Manipulation},
  journal   = {IEEE Trans. Computers},
  volume    = {35},
  number    = {8},
  year      = {1986},
  pages     = {677-691},
  bibsource = {DBLP, http://dblp.uni-trier.de}
}

@inproceedings{Tseitin:1983,
author="Tseitin, G. S.",
title="On the Complexity of Derivation in Propositional Calculus",
booktitle="Automation of Reasoning: 2: Classical Papers on Computational Logic 1967--1970",
year="1983",
publisher="Springer",
addressx="Heidelberg",
pages="466--483",
isbn="978-3-642-81955-1",
}

@inproceedings{wetzler14_drattrim,
author={Wetzler, Nathan D.
and Heule, Marijn J. H.
and Hunt Jr., Warren A.},
title={{DRAT}-trim: Efficient Checking and Trimming Using Expressive Clausal Proofs},
booktitle={Theory and Applications of Satisfiability Testing (SAT)},
year={2014},
pages={422--429},
series={LNCS},
volume={8561},
}

@inproceedings{vangelder08_verifying_rup_proofs,
  title={Verifying {RUP} Proofs of Propositional Unsatisfiability},
  author={Van Gelder, Allen},
  booktitle={Proc.\ of the 10th Int.\ Symposium on Artificial Intelligence and Mathematics \textsc{(}ISAIM~2008\textsc{)}},
  year={2008}
}

@inproceedings{23limperg_aesop_white_box_best_first_proof_search_lean,
  author    = {Jannis Limperg and
               Asta Halkj{\ae}r From},
  title     = {Aesop: White-Box Best-First Proof Search for {L}ean},
  booktitle = {Certified Programs and Proofs (CPP)},
  pages     = {253--266},
  publisher = {{ACM}},
  year      = {2023},
  timestamp = {Fri, 13 Jan 2023 13:05:42 +0100},
  biburl    = {https://dblp.org/rec/conf/cpp/LimpergF23.bib},
  bibsource = {dblp computer science bibliography, https://dblp.org}
}

@article{Cruz:Filipe:et:al:16,
  author    = {Lu{\'{\i}}s Cruz{-}Filipe and
               Marijn Heule and
               Warren A. Hunt Jr. and
               Matt Kaufmann and
               Peter Schneider{-}Kamp},
  title     = {Efficient Certified {RAT} Verification},
  journal   = {CoRR},
  volume    = {abs/1612.02353},
  year      = {2016},
  url       = {http://arxiv.org/abs/1612.02353},
  eprinttype = {arXiv},
  eprint    = {1612.02353},
  timestamp = {Mon, 13 Aug 2018 16:46:30 +0200},
  biburl    = {https://dblp.org/rec/journals/corr/Cruz-FilipeHHKS16.bib},
  bibsource = {dblp computer science bibliography, https://dblp.org}
}

@inproceedings{Heule:et:al:17,
  author    = {Marijn Heule and
               Warren A. Hunt Jr. and
               Matt Kaufmann and
               Nathan Wetzler},
  editor    = {Mauricio Ayala{-}Rinc{\'{o}}n and
               C{\'{e}}sar A. Mu{\~{n}}oz},
  title     = {Efficient, Verified Checking of Propositional Proofs},
  booktitle = {Interactive Theorem Proving - 8th International Conference, {ITP}
               2017, Bras{\'{\i}}lia, Brazil, September 26-29, 2017, Proceedings},
  series    = {Lecture Notes in Computer Science},
  volume    = {10499},
  pages     = {269--284},
  publisher = {Springer},
  year      = {2017},
  url       = {https://doi.org/10.1007/978-3-319-66107-0\_18},
  doi       = {10.1007/978-3-319-66107-0\_18},
  timestamp = {Tue, 14 May 2019 10:00:37 +0200},
  biburl    = {https://dblp.org/rec/conf/itp/HeuleHKW17.bib},
  bibsource = {dblp computer science bibliography, https://dblp.org}
}

@article{Lammich:20,
  author    = {Peter Lammich},
  title     = {Efficient Verified {(UN)SAT} Certificate Checking},
  journal   = {J. Autom. Reason.},
  volume    = {64},
  number    = {3},
  pages     = {513--532},
  year      = {2020},
  timestamp = {Fri, 14 May 2021 08:32:56 +0200},
  biburl    = {https://dblp.org/rec/journals/jar/Lammich20.bib},
  bibsource = {dblp computer science bibliography, https://dblp.org}
}

@inproceedings{Ullrich:de:Moura:19,
  author    = {Sebastian Ullrich and
               Leonardo de Moura},
  title     = {Counting immutable beans: reference counting optimized for purely
               functional programming},
  booktitle = {Implementation and Application of Functional Languages (IFL)},
  pages     = {3:1--3:12},
  publisher = {{ACM}},
  year      = {2019},
  timestamp = {Thu, 29 Sep 2022 08:36:56 +0200},
  biburl    = {https://dblp.org/rec/conf/ifl/0002M19.bib},
  bibsource = {dblp computer science bibliography, https://dblp.org}
}
